<record><leader>00000cas a22000007a 4500</leader><controlfield tag="001">14185103</controlfield><controlfield tag="008">860905d19051978txuwr ne      0    0eng d</controlfield><controlfield tag="009">6576</controlfield><datafield ind1=" " ind2=" " tag="010"><subfield code="a">sn 86088714 </subfield></datafield><datafield ind1=" " ind2=" " tag="040"><subfield code="a">PPM</subfield><subfield code="b">eng</subfield><subfield code="c">PPM</subfield><subfield code="d">DLC</subfield><subfield code="d">PPM</subfield></datafield><datafield ind1=" " ind2=" " tag="042"><subfield code="a">msc</subfield></datafield><datafield ind1="0" ind2="0" tag="245"><subfield code="a">El Campo citizen.</subfield></datafield><datafield ind1="1" ind2="0" tag="246"><subfield code="a">Citizen</subfield></datafield><datafield ind1=" " ind2=" " tag="260"><subfield code="a">El Campo, Tex. :</subfield><subfield code="b">Riley Webb,</subfield><subfield code="c">1905-</subfield></datafield><datafield ind1=" " ind2=" " tag="300"><subfield code="a">v. :</subfield><subfield code="b">ill.</subfield></datafield><datafield ind1=" " ind2=" " tag="310"><subfield code="a">Weekly</subfield><subfield code="b">Jan. 2, 1973-Mar. 26, 1978</subfield></datafield><datafield ind1=" " ind2=" " tag="321"><subfield code="a">Daily</subfield><subfield code="b">Feb. 11, 1905-</subfield></datafield><datafield ind1="0" ind2=" " tag="362"><subfield code="a">Vol. 1, no. 1 (Feb. 11, 1905)-vol. 78, no. 40 (Mar. 26, 1978).</subfield></datafield><datafield ind1=" " ind2=" " tag="500"><subfield code="a">Published as The Citizen, Jan. 2-July 31, 1973.</subfield></datafield><datafield ind1=" " ind2=" " tag="530"><subfield code="a">Available on microfilm from The Center for American History, University of Texas at Austin.</subfield></datafield><datafield ind1=" " ind2=" " tag="752"><subfield code="a">United States</subfield><subfield code="b">Texas</subfield><subfield code="c">Wharton</subfield><subfield code="d">El Campo.</subfield></datafield><datafield ind1="0" ind2="0" tag="780"><subfield code="t">El Campo eagle</subfield></datafield><datafield ind1="0" ind2="4" tag="785"><subfield code="t">El Campo leader-news</subfield><subfield code="w">(DLC)sn 88083364</subfield></datafield></record>